<record><leader>00000cas a2200000 a 4500</leader><controlfield tag="001">21493610</controlfield><controlfield tag="008">900508d19441966nhuwr ne      0    0eng d</controlfield><datafield ind1=" " ind2=" " tag="010"><subfield code="a">sn 90062001 </subfield></datafield><datafield ind1=" " ind2=" " tag="040"><subfield code="a">NVH</subfield><subfield code="b">eng</subfield><subfield code="c">NVH</subfield><subfield code="d">NVN</subfield><subfield code="d">OCLCQ</subfield><subfield code="d">OCLCF</subfield><subfield code="d">OCLCO</subfield></datafield><datafield ind1="1" ind2=" " tag="029"><subfield code="a">AU@</subfield><subfield code="b">000025857608</subfield></datafield><datafield ind1=" " ind2=" " tag="042"><subfield code="a">msc</subfield></datafield><datafield ind1=" " ind2=" " tag="043"><subfield code="a">n-us-nh</subfield></datafield><datafield ind1="0" ind2="0" tag="245"><subfield code="a">Twin state news-times.</subfield></datafield><datafield ind1=" " ind2=" " tag="260"><subfield code="a">Woodsville, N.H. :</subfield><subfield code="b">Twin State Pub. Co.,</subfield><subfield code="c">1944-1966.</subfield></datafield><datafield ind1=" " ind2=" " tag="300"><subfield code="a">v.</subfield></datafield><datafield ind1=" " ind2=" " tag="310"><subfield code="a">Weekly</subfield></datafield><datafield ind1="0" ind2=" " tag="362"><subfield code="a">Vol. 61, no. 35 (Sept. 1, 1944)-v. 86, no. 12 (Mar. 24, 1966).</subfield></datafield><datafield ind1=" " ind2=" " tag="580"><subfield code="a">Formed by the union of: Woodsville news, and: Woodsville-Groton times.</subfield></datafield><datafield ind1=" " ind2="0" tag="651"><subfield code="a">Grafton County (N.H.)</subfield><subfield code="v">Newspapers.</subfield></datafield><datafield ind1=" " ind2="4" tag="651"><subfield code="a">Woodsville (N.H.)</subfield><subfield code="v">Newspapers.</subfield></datafield><datafield ind1=" " ind2="7" tag="655"><subfield code="a">Newspapers.</subfield><subfield code="2">fast</subfield><subfield code="0">(OCoLC)fst01423814</subfield></datafield><datafield ind1=" " ind2="7" tag="651"><subfield code="a">New Hampshire</subfield><subfield code="z">Grafton County.</subfield><subfield code="2">fast</subfield><subfield code="0">(OCoLC)fst01215299</subfield></datafield><datafield ind1=" " ind2=" " tag="752"><subfield code="a">United States</subfield><subfield code="b">New Hampshire</subfield><subfield code="c">Grafton</subfield><subfield code="d">Woodsville.</subfield></datafield><datafield ind1="1" ind2="4" tag="780"><subfield code="t">Woodsville news</subfield><subfield code="w">(DLC)sn 89068999</subfield><subfield code="w">(OCoLC)20729610</subfield></datafield><datafield ind1="1" ind2="4" tag="780"><subfield code="t">Woodsville-Groton times</subfield><subfield code="w">(DLC)sn 91063259</subfield><subfield code="w">(OCoLC)24451612</subfield></datafield><datafield ind1="0" ind2="0" tag="785"><subfield code="t">Twin state news-times and the river news</subfield><subfield code="w">(DLC)sn 90062006</subfield><subfield code="w">(OCoLC)21493794</subfield></datafield></record>